<record><leader>00000cas a22000007a 4500</leader><controlfield tag="001">24272956</controlfield><controlfield tag="008">910822d19611968mouwr ne      0    0eng d</controlfield><datafield ind1=" " ind2=" " tag="010"><subfield code="a">sn 91061010 </subfield></datafield><datafield ind1=" " ind2=" " tag="040"><subfield code="a">MQN</subfield><subfield code="b">eng</subfield><subfield code="c">MQN</subfield><subfield code="d">OCLCQ</subfield></datafield><datafield ind1=" " ind2=" " tag="042"><subfield code="a">msc</subfield></datafield><datafield ind1="0" ind2="0" tag="245"><subfield code="a">Northwest county community news.</subfield></datafield><datafield ind1=" " ind2=" " tag="260"><subfield code="a">North St. Louis, Mo. :</subfield><subfield code="b">H.E. Huneke</subfield></datafield><datafield ind1=" " ind2=" " tag="300"><subfield code="a">v.</subfield></datafield><datafield ind1=" " ind2=" " tag="310"><subfield code="a">Weekly</subfield></datafield><datafield ind1="1" ind2=" " tag="362"><subfield code="a">Began in 1961? Ceased in 1968?</subfield></datafield><datafield ind1=" " ind2=" " tag="515"><subfield code="a">Assumes numbering of: North St. Louis community news.</subfield></datafield><datafield ind1=" " ind2=" " tag="588"><subfield code="a">Description based on: Vol. 40, no. 46 (Dec. 27, 1961).</subfield></datafield><datafield ind1=" " ind2=" " tag="752"><subfield code="a">United States</subfield><subfield code="b">Missouri</subfield><subfield code="c">Saint Louis</subfield><subfield code="d">North Saint Louis.</subfield></datafield><datafield ind1="0" ind2=" " tag="775"><subfield code="t">North St. Louis community news</subfield><subfield code="w">(DLC)sn 91061008</subfield></datafield><datafield ind1="0" ind2=" " tag="775"><subfield code="t">North county community news</subfield><subfield code="w">(DLC)sn 91061009</subfield></datafield></record>